@book{design_approx_algs,
 author = {Williamson, David P. and Shmoys, David B.},
 title = {The Design of Approximation Algorithms},
 year = {2011},
 isbn = {0521195276, 9780521195270},
 edition = {1st},
 publisher = {Cambridge University Press},
 address = {New York, NY, USA},
} 

@misc{history, 
 title={First Big Steps Toward Proving the Unique Games Conjecture}, 
 url={https://www.quantamagazine.org/computer-scientists-close-in-on-unique-games-conjecture-proof-20180424/},
 journal={Quanta Magazine},
 author={Klarreich, Erica},
 year={2018},
 month={Apr}
 }
 
 @article{subexponential,
 author = {Arora, Sanjeev and Barak, Boaz and Steurer, David},
 title = {Subexponential Algorithms for Unique Games and Related Problems},
 journal = {J. ACM},
 issue_date = {November 2015},
 volume = {62},
 number = {5},
 month = nov,
 year = {2015},
 issn = {0004-5411},
 pages = {42:1--42:25},
 articleno = {42},
 numpages = {25},
 url = {http://doi.acm.org/10.1145/2775105},
 doi = {10.1145/2775105},
 acmid = {2775105},
 publisher = {ACM},
 address = {New York, NY, USA},
 keywords = {Unique games conjecture, graph decomposition, graph partitioning, small set expansion, spectral algorithms, spectral graph theory},
} 

@inproceedings{survey,
author={ {Subhash Khot}},
booktitle={46th Annual IEEE Symposium on Foundations of Computer Science (FOCS'05)},
title={On the unique games conjecture},
year={2005},
volume={},
number={},
pages={3-},
keywords={game theory;computational complexity;unique games conjecture;2-Prover-1-Round game;optimal hardness result;vertex cover problem;MAX-CUT problem;superconstant hardness result;sparsest cut problem;Min-2SAT-Deletion problem;3-colorable graph;integrality gap;programming relaxation;User-generated content;Application software;Computer science},
doi={10.1109/SFCS.2005.61},
ISSN={},
month={Oct},}

@article{maxcut,
 author = {Khot, Subhash and Kindler, Guy and Mossel, Elchanan and O'Donnell, Ryan},
 title = {Optimal Inapproximability Results for MAX-CUT and Other 2-Variable CSPs?},
 journal = {SIAM J. Comput.},
 issue_date = {April 2007},
 volume = {37},
 number = {1},
 month = apr,
 year = {2007},
 issn = {0097-5397},
 pages = {319--357},
 numpages = {39},
 url = {http://dx.doi.org/10.1137/S0097539705447372},
 doi = {10.1137/S0097539705447372},
 acmid = {1328735},
 publisher = {Society for Industrial and Applied Mathematics},
 address = {Philadelphia, PA, USA},
 keywords = {MAX-CUT, Unique Games, constraint satisfaction, hardness of approximation},
} 